@misc{LiIonVsLiPo_Ovonic,
	author = {},
	title = {Li-Po vs Li-ion battery,what are the difference between them?},
	howpublished = {\url{https://www.ovonicshop.com/blogs/how-to/li-po-vs-li-ion-battery-what-are-the-difference-between-them}}},
	month = {July},
	year = {2019},
	note = {(Accessed on 26-April-2020)}
}
@misc{LiIon_Wiki,
	author = {Wikipedia},
	title = {Lithium-ion battery},
	howpublished = {\url{https://en.wikipedia.org/wiki/Lithium-ion_battery}}},
	month = {},
	year = {},
	note = {(Accessed on 26-April-2020)}
}
@misc{LiPo_Wiki,
	author = {Wikipedia},
	title = {Lithium polymer battery},
	howpublished = {\url{https://en.wikipedia.org/wiki/Lithium_polymer_battery}}},
	month = {},
	year = {},
	note = {(Accessed on 26-April-2020)}
}
@misc{LiIonVsLiPo_notused,
	author = {},
	title = {},
	howpublished = {\url{https://community.consumentenbond.nl/computers-elektronica-5/verschil-li-polymer-en-li-ion-batterij-998}}},
	month = {},
	year = {},
	note = {(Accessed on 26-April-2020)}
}
@misc{LiIon_ledscherp,
	author = {},
	title = {WAT JE MOET WETEN OVER LITHIUM ION ACCU'S},
	howpublished = {\url{https://www.ledscherp.nl/blog/blog/wat-je-moet-weten-over-lithium-ion-accus}}},
	month = {April},
	year = {2015},
	note = {(Accessed on 26-April-2020)}
}
@manual{bib:BQ29700,
	organization  = "Texas Instruments",
	title         = "BQ297xx Cost-Effective Voltage and Current Protection Integrated Circuit for Single-Cell Li-Ion and Li-Polymer Batteries",
	number        = "SLUSBU9G",
	year          =  "2014",
	month         =  "March",    
	note          = "Datasheet"
}
@manual{bib:FDS9926A,
	organization  = "Fairchild",
	title         = "Dual N-channel 2.5 V specified PowerTrench MOSFET",
	number        = "",
	year          =  "2003",
	month         =  "July",    
	note          = "Datasheet"
}